@online{github-pegtl,
    author = {The Art of C++},
    title = {{PEGTL}},
    subtitle = {{Parsing Expression Grammar Template Library}},
    year = {2015-10-21},
    url = {https://github.com/taocpp/PEGTL},
    urldate = {2018-05-05}
}

@online{github-parsimonious,
    author = {Erik Rose},
    title = {{Parsimonious}},
    subtitle = {{The fastest pure-Python PEG parser I can muster}},
    year = {2017-10-17},
    url = {https://github.com/erikrose/parsimonious},
    urldate = {2018-05-05}
}

@online{website-click,
    author = {Armin Ronacher},
    title = {{Click}},
    subtitle = {{A command line library for Python}},
    year = {2017},
    url = {http://click.pocoo.org/5/},
    urldate = {2018-05-05}
}

@online{github-rust-peg,
    author = {Kevin Mehall},
    title = {{rust-peg}},
    subtitle = {{Parsing Expression Grammars in Rust}},
    year = {2018-04-24},
    url = {https://github.com/kevinmehall/rust-peg},
    urldate = {2018-05-05}
}

@online{github-clap,
    author = {kbknapp},
    title = {{clap-rs}},
    subtitle = {{A full featured, fast Command Line Argument Parser for Rust}},
    year = {2018-04-11},
    url = {https://github.com/kbknapp/clap-rs},
    urldate = {2018-05-05}
}

@online{rust-faq,
	author = {The Rust Programming Language},
	title = {{Frequently Asked Questions}},
	year = {2018},
	url = {https://www.rust-lang.org/en-US/faq.html\#project},
	urldate = {2018-05-05}
}

@online{so-survey-2016,
	author = {Stack Overflow},
	title = {{Developer Survey Results 2016}},
	year = {2016},
	url = {https://insights.stackoverflow.com/survey/2016\#technology-most-loved-dreaded-and-wanted},
	urldate = {2018-05-05}
}

@online{so-survey-2017,
	author = {Stack Overflow},
	title = {{Developer Survey Results 2017}},
	year = {2017},
	url = {https://insights.stackoverflow.com/survey/2017\#most-loved-dreaded-and-wanted},
	urldate = {2018-05-05}
}

@online{so-survey-2018,
	author = {Stack Overflow},
	title = {{Developer Survey Results 2018}},
	year = {2018},
	url = {https://insights.stackoverflow.com/survey/2018\#most-loved-dreaded-and-wanted},
	urldate = {2018-05-05}
}

@online{rust-vs-cpp,
	author = {Patrick Walton},
	title = {{C++ design goals in the context of Rust}},
	year = {2010-12-05},
	url = {http://pcwalton.blogspot.com/2010/12/c-design-goals-in-context-of-rust.html},
	urldate = {2018-05-05}
}

@online{boost-filesystem,
	author = {Beman Dawes},
	title = {{Filesystem Library Version 3}},
	year = {2015-10-25},
	url = {https://www.boost.org/doc/libs/1_67_0/libs/filesystem/doc/index.htm},
	urldate = {2018-05-05}
}

@online{cpp-filesystem,
	author = {CppReference},
	title = {{Filesystem library}},
	year = {2018-02-04},
	url = {http://en.cppreference.com/w/cpp/filesystem},
	urldate = {2018-05-05}
}

@online{github-simavr,
	author = {Michel Pollet},
	title = {{simavr}},
	subtitle = {{Lean, mean and hackable AVR simulator for Linux & OSX}},
	year = {2018-04-24},
	url = {https://github.com/buserror/simavr},
	urldate = {2018-05-06}
}

@online{x86-instructions,
	author = {Stefan Heule},
	title = {How Many x86-64 Instructions Are There Anyway? 3},
	year = {2016-03-07},
	url = {https://stefanheule.com/blog/how-many-x86-64-instructions-are-there-anyway/},
	urldate = {2018-05-06}
}

@online{8086-instructions,
	author = {emu8086.com},
	title = {Complete 8086 instruction set},
	year = {2005},
	url = {http://www.gabrielececchetti.it/Teaching/CalcolatoriElettronici/Docs/i8086_instruction_set.pdf},
	urldate = {2018-05-06}
}

@online{cmake-overview,
	author = {CMake},
	title = {{Overview}},
	url = {https://cmake.org/overview},
	urldate = {2018-05-05}
}

@online{avr,
	organization = {Microchip},
	title = {Microchip AVR® MCUs},
	url = {http://www.microchip.com/design-centers/8-bit/avr-mcus},
	urldate = {2018-05-10}
}

@online{arduino-ide,
	organization = {Arduino},
	title = {Arduino Software (IDE)},
	url = {https://www.arduino.cc/en/Main/Software},
	urldate = {2018-05-10}
}

@online{sap-avr-studio,
	author={Martin Kohlík},
	title = {8. Laboratoř: Aritmetika a řídicí struktury programu},
	url = {https://edux.fit.cvut.cz/courses/BI-SAP/labs/08/start},
	urldate = {2018-05-11}
}

@online{avr-studio-requirements,
	author={Microchip},
	title={Atmel Studio},
	url = {https://www.microchip.com/webdoc/GUID-ECD8A826-B1DA-44FC-BE0B-5A53418A47BD/index.html?GUID-8F63ECC8-08B9-4CCD-85EF-88D30AC06499},
	urldate = {2018-05-11}
}

@online{avra-homepage,
	author={Avra}
	title={Assember for the Atmel AVR microcontroller family},
	url={http://avra.sourceforge.net/},
	urldate = {2018-05-11}
}

@online{avr-gcc,
	author={GCC},
	title={Avr-GCC},
	url={https://gcc.gnu.org/wiki/avr-gcc},
	urldate={2018-05-11}
}

@online{pip,
	author={\todo{}},
	title={pip},
	url={https://pip.pypa.io/en/stable/},
	urldate={2018-05-11}
}

@online{python-unittest,
	author={Python},
	title={Unit testing framework},
	url={https://docs.python.org/3/library/unittest.html},
	urldate={2018-05-11}
}

@online{qt-designer,
	author={Qt},
	title={Qt Designer Manual},
	url={http://doc.qt.io/qt-5/qtdesigner-manual.html},
	urldate={2018-05-11}
}

@book{gof,
	author={Erich Gamma, Richard Helm, Ralph Johnson, John Vlissides}
	title={Design Patterns: Elements of Reusable Object-Oriented Software},
	year={1994}
}
